<record><leader>00000cas a22000007a 4500</leader><controlfield tag="001">12548039</controlfield><controlfield tag="008">850914d18691874gauwr ne      0    0eng d</controlfield><datafield ind1=" " ind2=" " tag="010"><subfield code="a">sn 85034214 </subfield></datafield><datafield ind1=" " ind2=" " tag="040"><subfield code="a">NPU</subfield><subfield code="b">eng</subfield><subfield code="c">NPU</subfield><subfield code="d">NPX</subfield><subfield code="d">OCLCQ</subfield></datafield><datafield ind1=" " ind2=" " tag="042"><subfield code="a">msc</subfield></datafield><datafield ind1="0" ind2=" " tag="130"><subfield code="a">West Point weekly news (West Point, Ga. : 1869)</subfield></datafield><datafield ind1="1" ind2="0" tag="245"><subfield code="a">West Point weekly news.</subfield></datafield><datafield ind1=" " ind2=" " tag="260"><subfield code="a">West Point, Ga. :</subfield><subfield code="b">James L. Hollifield,</subfield><subfield code="c">-1874.</subfield></datafield><datafield ind1=" " ind2=" " tag="300"><subfield code="a">v. ;</subfield><subfield code="c">62 cm.</subfield></datafield><datafield ind1=" " ind2=" " tag="310"><subfield code="a">Weekly</subfield></datafield><datafield ind1="0" ind2=" " tag="362"><subfield code="a">-v. 10, no. 9 (Feb. 6, 1874).</subfield></datafield><datafield ind1="1" ind2=" " tag="362"><subfield code="a">Began in 1869.</subfield><subfield code="z">Cf. Rowell, 1873.</subfield></datafield><datafield ind1=" " ind2=" " tag="500"><subfield code="a">Publishers: James L. Hollifield, &lt;1873&gt;; Burton &amp; Sharpe, &lt;1874&gt;.</subfield></datafield><datafield ind1=" " ind2=" " tag="500"><subfield code="a">Editors: J.L. Hollifield, M.E. Reese, &lt;1873&gt;; Robert R. Burton, &lt;1874&gt;.</subfield></datafield><datafield ind1=" " ind2=" " tag="588"><subfield code="a">Description based on: New ser., v. 2, no. 19 (Feb. 20, 1873).</subfield></datafield><datafield ind1=" " ind2=" " tag="752"><subfield code="a">United States</subfield><subfield code="b">Georgia</subfield><subfield code="c">Troup</subfield><subfield code="d">West Point.</subfield></datafield></record>